% Encoding: UTF-8
% !Mode:: "TeX:UTF-8"

@book{allen1981acoustic,
  title={Acoustic treatment for places of worship},
  author={Allen, William},
  volume={2},
  year={1981},
  publisher={Ecclesiastical Architects' and Surveyors' Association}
}

@book{forsyth1985buildings,
  title={Buildings for Music: The Architect, the Musician, the Listener from the Seventeenth Century to the Present Day},
  author={Forsyth, Michael},
  year={1985},
  publisher={CUP Archive}
}

@book{sabine1927collected,
  title={Collected papers on acoustics},
  author={Sabine, Wallace Clement},
  year={1927},
  publisher={Harvard University Press Cambridge, MA}
}

@Article{Parkin1952a,
  author  = {Parkin, PH and Taylor, JH},
  title   = {Speech Reinforcement in St. Paul's Cathedral},
  journal = {Wireless World},
  year    = {1952},
  volume  = {58},
  number  = {2},
  pages   = {58--61},
}

@article{shankland1971acoustics,
  title={Acoustics of St. Peter's and patriarchal basilicas in Rome},
  author={Shankland, Robert S and Shankland, Hilda K},
  journal={The Journal of the Acoustical Society of America},
  volume={50},
  number={2A},
  pages={389--396},
  year={1971},
  publisher={ASA}
}

@article{pyshin2001acoustics,
  title={Acoustics of the smolny cathedral in St. Petersburg},
  author={Pyshin, Alexander and Solovejtchik, Leonid and Tikhomirov, Yuri and Yavorsky, Stanislav},
  journal={Building Acoustics},
  volume={8},
  number={1},
  pages={75--82},
  year={2001},
  publisher={SAGE Publications Sage UK: London, England}
}

@article{chu2009early,
  title={Early energy decays in two churches in Hong Kong},
  author={Chu, Yijing and Mak, CM},
  journal={Applied acoustics},
  volume={70},
  number={4},
  pages={579--587},
  year={2009},
  publisher={Elsevier}
}

@article{klepper1996distributed,
  title={The distributed column sound system at Holy Cross Cathedral, Boston, the reconciliation of speech and music},
  author={Klepper, David L},
  journal={The Journal of the Acoustical Society of America},
  volume={99},
  number={1},
  pages={417--425},
  year={1996},
  publisher={ASA}
}

@article{martellotta2016virtual,
  title={Virtual reconstruction of Spanish Cathedrals: the sound of choir and other weakly coupled volumes in Seville Cathedral},
  author={Martellotta, Francesco and Zamarre{\~n}o, Te{\'o}filo and Gir{\'o}n, Sara},
  journal={Proceedings of EuroRegio},
  pages={13--15},
  year={2016}
}

@article{sendra1997analytical,
  title={An analytical model for evaluating the sound field in Gothic-Mudejar churches},
  author={Sendra, JJ and Zamarreiio, T and Navarro, J},
  journal={WIT Transactions on The Built Environment},
  volume={28},
  year={1997},
  publisher={WIT Press}
}
@Article{barron2015theory,
  author    = {Barron, Mike},
  title     = {Theory and measurement of early, late and total sound levels in rooms},
  journal   = {The Journal of the Acoustical Society of America},
  year      = {2015},
  volume    = {137},
  number    = {6},
  pages     = {3087--3098},
  publisher = {Acoustical Society of America},
}

@InProceedings{fujikawa2013escape,
  author       = {T. Fujikawa and S. Aoki},
  title        = {An escape guiding system utilizing the precedence effect for evacuation signal},
  booktitle    = {Proceedings of Meetings on Acoustics},
  year         = {2013},
  volume       = {19},
  pages        = {030055},
  organization = {Acoustical Society of America},
  issue        = {1},
}

@Article{soeta2012effects,
  author    = {Soeta, Yoshiharu and Ito, Ken and Shimokura, Ryota and Sato, Shin-ichi and Ohsawa, Tomohiro and Ando, Yoichi},
  title     = {Effects of sound source location and direction on acoustic parameters in Japanese churches},
  journal   = {The Journal of the Acoustical Society of America},
  year      = {2012},
  volume    = {131},
  number    = {2},
  pages     = {1206--1220},
  publisher = {Acoustical Society of America},
}

@InProceedings{tang2011sound,
  author       = {Tang, SK and Piippo, KE},
  title        = {Sound fields inside street canyons with inclined flanking building fa{\c{c}}ades},
  booktitle    = {Proceedings of Meetings on Acoustics 161ASA},
  year         = {2011},
  volume       = {12},
  number       = {1},
  pages        = {040004},
  organization = {ASA},
}

@Article{jeon2010design,
  author    = {Jeon, Jin Yong and Kim, Yong Hee},
  title     = {Design of sound diffusion in concert halls using scale models.},
  journal   = {The Journal of the Acoustical Society of America},
  year      = {2010},
  volume    = {127},
  number    = {3},
  pages     = {1752--1752},
  publisher = {ASA},
}

@Article{berardi2009comparative,
  author    = {Berardi, Umberto and Cirillo, Ettore and Martellotta, Francesco},
  title     = {A comparative analysis of acoustic energy models for churches},
  journal   = {The Journal of the Acoustical Society of America},
  year      = {2009},
  volume    = {126},
  number    = {4},
  pages     = {1838--1849},
  publisher = {Acoustical Society of America},
}

@Article{martellotta2009identifying,
  author    = {Martellotta, Francesco},
  title     = {Identifying acoustical coupling by measurements and prediction-models for St. Peter��s Basilica in Rome},
  journal   = {The Journal of the Acoustical Society of America},
  year      = {2009},
  volume    = {126},
  number    = {3},
  pages     = {1175--1186},
  publisher = {Acoustical Society of America},
}

@Book{kuttruff2009room,
  title     = {Room acoustics},
  publisher = {Crc Press},
  year      = {2009},
  author    = {Kuttruff, Heinrich},
  pages     = {311--315},
}

@Article{aretz2009sound,
  author    = {Aretz, Marc and Orlowski, Raf},
  title     = {Sound strength and reverberation time in small concert halls},
  journal   = {Applied Acoustics},
  year      = {2009},
  volume    = {70},
  number    = {8},
  pages     = {1099--1110},
  publisher = {Elsevier},
}

@Article{jordan1970acoustical,
  author    = {Jordan, Vilhelm Lassen},
  title     = {Acoustical criteria for auditoriums and their relation to model techniques},
  journal   = {The Journal of the Acoustical Society of America},
  year      = {1970},
  volume    = {47},
  number    = {2A},
  pages     = {408--412},
  publisher = {ASA},
}

@Article{zamarreno2007acoustic,
  author    = {Zamarre{\~n}o, Te{\'o}filo and Gir{\'o}n, Sara and Galindo, Miguel},
  title     = {Acoustic energy relations in Mudejar-Gothic churches},
  journal   = {The Journal of the Acoustical Society of America},
  year      = {2007},
  volume    = {121},
  number    = {1},
  pages     = {234--250},
  publisher = {Acoustical Society of America},
}

@Article{cirillo2005sound,
  author    = {Cirillo, Ettore and Martellotta, Francesco},
  title     = {Sound propagation and energy relations in churches},
  journal   = {The Journal of the Acoustical Society of America},
  year      = {2005},
  volume    = {118},
  number    = {1},
  pages     = {232--248},
  publisher = {Acoustical Society of America},
}

@Article{anderson2000acoustic,
  author    = {Anderson, JS and Bratos-Anderson, M},
  title     = {Acoustic coupling effects in St Paul's cathedral, London},
  journal   = {Journal of sound and vibration},
  year      = {2000},
  volume    = {236},
  number    = {2},
  pages     = {209--225},
  publisher = {Elsevier},
}

@Article{kuttruff2000stationary,
  author    = {Kuttruff, Heinrich},
  title     = {Stationary propagation of sound energy in flat enclosures with partially diffuse surface reflection},
  journal   = {Acta Acustica united with Acustica},
  year      = {2000},
  volume    = {86},
  number    = {6},
  pages     = {1028--1033},
  publisher = {S. Hirzel Verlag},
}

@Book{sendra1999computational,
  title     = {Computational acoustics in architecture},
  publisher = {Wit Press},
  year      = {1999},
  author    = {Sendra, Juan J},
}

@Article{picaut1999sound,
  author    = {Picaut, Judica{\"e}l and Simon, Laurent and Polack, J-D},
  title     = {Sound field in long rooms with diffusely reflecting boundaries},
  journal   = {Applied Acoustics},
  year      = {1999},
  volume    = {56},
  number    = {4},
  pages     = {217--240},
  publisher = {Elsevier},
}

@Article{dance1997complete,
  author    = {Dance, SM and Shield, BM},
  title     = {The complete image-source method for the prediction of sound distribution in non-diffuse enclosed spaces},
  journal   = {Journal of Sound and Vibration},
  year      = {1997},
  volume    = {201},
  number    = {4},
  pages     = {473--489},
  publisher = {Elsevier},
}

@Article{kang1996acoustics,
  author    = {Kang, Jian},
  title     = {Acoustics in long enclosures with multiple sources},
  journal   = {The Journal of the Acoustical Society of America},
  year      = {1996},
  volume    = {99},
  number    = {2},
  pages     = {985--989},
  publisher = {Acoustical Society of America},
}

@Article{vorlander1995revised,
  author    = {Vorl{\"a}nder, M},
  title     = {Revised relation between the sound power and the average sound pressure level in rooms and consequences for acoustic measurements},
  journal   = {Acta Acustica united with Acustica},
  year      = {1995},
  volume    = {81},
  number    = {4},
  pages     = {332--343},
  publisher = {S. Hirzel Verlag},
}

@Article{hodgson1994diffuse,
  author  = {Hodgson, Murray},
  title   = {When is diffuse-field theory accurate?},
  journal = {Canadian Acoustics},
  year    = {1994},
  volume  = {22},
  number  = {3},
  pages   = {41--42},
}

@Article{polack1993playing,
  author    = {Polack, Jean-Dominique},
  title     = {Playing billiards in the concert hall: The mathematical foundations of geometrical room acoustics},
  journal   = {Applied Acoustics},
  year      = {1993},
  volume    = {38},
  number    = {2},
  pages     = {235--244},
  publisher = {Elsevier},
}

@Article{barron1988energy,
  author    = {Barron, Mike and Lee, L-J},
  title     = {Energy relations in concert auditoriums. I},
  journal   = {The Journal of the Acoustical Society of America},
  year      = {1988},
  volume    = {84},
  number    = {2},
  pages     = {618--628},
  publisher = {Acoustical Society of America},
}

@Article{lewers1984some,
  author    = {Lewers, TH and Anderson, JS},
  title     = {Some acoustical properties of St Paul's Cathedral, London},
  journal   = {Journal of Sound and Vibration},
  year      = {1984},
  volume    = {92},
  number    = {2},
  pages     = {285--297},
  publisher = {Elsevier},
}

@Article{miles1984sound,
  author    = {Miles, RN},
  title     = {Sound field in a rectangular enclosure with diffusely reflecting boundaries},
  journal   = {Journal of Sound and Vibration},
  year      = {1984},
  volume    = {92},
  number    = {2},
  pages     = {203--226},
  publisher = {Elsevier},
}

@Article{joyce1978exact,
  author    = {Joyce, WB},
  title     = {Exact effect of surface roughness on the reverberation time of a uniformly absorbing spherical enclosure},
  journal   = {The Journal of the Acoustical Society of America},
  year      = {1978},
  volume    = {64},
  number    = {5},
  pages     = {1429--1436},
  publisher = {Acoustical Society of America},
}

@Article{galaitsis1976prediction,
  author    = {Galaitsis, Anthony G and Patterson, William N},
  title     = {Prediction of noise distribution in various enclosures from free-field measurements},
  journal   = {The Journal of the Acoustical Society of America},
  year      = {1976},
  volume    = {60},
  number    = {4},
  pages     = {848--856},
  publisher = {Acoustical Society of America},
}

@Article{barron1973growth,
  author    = {Barron, M},
  title     = {Growth and decay of sound intensity in rooms according to some formulae of geometric acoustics theory},
  journal   = {Journal of Sound and Vibration},
  year      = {1973},
  volume    = {27},
  number    = {2},
  pages     = {183--196},
  publisher = {Elsevier},
}

@Article{gibbs1972simple,
  author    = {Gibbs, Barry M and Jones, DK},
  title     = {A simple image method for calculating the distribution of sound pressure levels within an enclosure},
  journal   = {Acta Acustica united with Acustica},
  year      = {1972},
  volume    = {26},
  number    = {1},
  pages     = {24--32},
  publisher = {S. Hirzel Verlag},
}

@Article{Feynman1963118,
  author  = {R.P Feynman and F.L {Vernon Jr.}},
  title   = {The theory of a general quantum system interacting with a linear dissipative system},
  journal = {Annals of Physics},
  year    = {1963},
  volume  = {24},
  pages   = {118--173},
  doi     = {10.1016/0003-4916(63)90068-X},
}

@Article{Dirac1953888,
  author  = {P.A.M. Dirac},
  title   = {The lorentz transformation and absolute time},
  journal = {Physica},
  year    = {1953},
  volume  = {19},
  number  = {1-–12},
  pages   = {888--896},
  doi     = {10.1016/S0031-8914(53)80099-6},
}

@Article{TJX2011JY,
  author   = {唐家祥},
  title    = {基于 “准室外空间” 的超大空间烟流数值模拟},
  journal  = {消防科学与技术},
  year     = {2011},
  volume   = {30},
  number   = {6},
  pages    = {485--487},
  language = {zh},
}

@Article{XQ2008CMN,
  author   = {修奇},
  title    = {场模拟在超大空间仓库建筑性能化设计中的应用},
  journal  = {中国西部科技},
  year     = {2008},
  volume   = {7},
  number   = {19},
  pages    = {70--74},
  language = {zh},
}

@Article{wang2018characteristics,
  author    = {Wang, Chao and Ma, Hui and Wu, Yue and Kang, Jian},
  title     = {Characteristics and prediction of sound level in extra-large spaces},
  journal   = {Applied Acoustics},
  year      = {2018},
  volume    = {134},
  pages     = {1--7},
  publisher = {Elsevier},
}

@Article{beranek1977notebooks,
  author    = {Beranek, Leo L},
  title     = {The notebooks of Wallace C. Sabine},
  journal   = {The Journal of the Acoustical Society of America},
  year      = {1977},
  volume    = {61},
  number    = {3},
  pages     = {629--639},
  publisher = {ASA},
}

@Article{eyring1933methods,
  author    = {Eyring, Carl F},
  title     = {Methods of calculating the average coefficient of sound absorption},
  journal   = {The Journal of the Acoustical Society of America},
  year      = {1933},
  volume    = {4},
  number    = {3},
  pages     = {178--192},
  publisher = {ASA},
}

@Article{schroeder1980iterative,
  author    = {Schroeder, MR and Hackman, D},
  title     = {Iterative calculation of reverberation time},
  journal   = {Acta Acustica united with Acustica},
  year      = {1980},
  volume    = {45},
  number    = {4},
  pages     = {269--273},
  publisher = {S. Hirzel Verlag},
}

@Article{millington1932modified,
  author    = {Millington, G},
  title     = {A modified formula for reverberation},
  journal   = {The Journal of the Acoustical Society of America},
  year      = {1932},
  volume    = {4},
  number    = {1A},
  pages     = {69--82},
  publisher = {ASA},
}

@Article{neubauer2001prediction,
  author  = {Neubauer, R and Kostek, B},
  title   = {Prediction of the reverberation time in rectangular rooms with non-uniformly distributed sound absorption},
  journal = {Archives of Acoustics},
  year    = {2001},
  volume  = {26},
  number  = {3},
}

@Article{hodgson1993experimental,
  author    = {Hodgson, Murray},
  title     = {Experimental evaluation of the accuracy of the Sabine and Eyring theories in the case of non-low surface absorption},
  journal   = {The Journal of the Acoustical Society of America},
  year      = {1993},
  volume    = {94},
  number    = {2},
  pages     = {835--840},
  publisher = {ASA},
}

@Article{hodgson1996diffuse,
  author    = {Hodgson, Murray},
  title     = {When is diffuse-field theory applicable?},
  journal   = {Applied Acoustics},
  year      = {1996},
  volume    = {49},
  number    = {3},
  pages     = {197--207},
  publisher = {Elsevier},
}

@Article{nannariello1999prediction,
  author    = {Nannariello, Joseph and Fricke, Fergus},
  title     = {The prediction of reverberation time using neural network analysis},
  journal   = {Applied Acoustics},
  year      = {1999},
  volume    = {58},
  number    = {3},
  pages     = {305--325},
  publisher = {Elsevier},
}

@Article{davy1979variance,
  author    = {Davy, John L and Dunn, IP and Dubout, P},
  title     = {The variance of decay rates in reverberation rooms},
  journal   = {Acta Acustica united with Acustica},
  year      = {1979},
  volume    = {43},
  number    = {1},
  pages     = {12--25},
  publisher = {S. Hirzel Verlag},
}

@Article{valeau2006use,
  author    = {Valeau, V and Picaut, J and Hodgson, M},
  title     = {On the use of a diffusion equation for room-acoustic prediction},
  journal   = {The Journal of the Acoustical Society of America},
  year      = {2006},
  volume    = {119},
  number    = {3},
  pages     = {1504--1513},
  publisher = {ASA},
}

@Article{foy2009empirical,
  author    = {Foy, C{\'e}dric and Valeau, Vincent and Billon, Alexis and Picaut, Judica{\"e}l and Sakout, Anas},
  title     = {An empirical diffusion model for acoustic prediction in rooms with mixed diffuse and specular reflections},
  journal   = {Acta Acustica united with Acustica},
  year      = {2009},
  volume    = {95},
  number    = {1},
  pages     = {97--105},
  publisher = {S. Hirzel Verlag},
}

@Article{xiang2009investigation,
  author    = {Xiang, Ning and Jing, Yun and Bockman, Alexander C},
  title     = {Investigation of acoustically coupled enclosures using a diffusion-equation model},
  journal   = {The Journal of the Acoustical Society of America},
  year      = {2009},
  volume    = {126},
  number    = {3},
  pages     = {1187--1198},
  publisher = {ASA},
}

@Article{xiang2013investigation,
  author    = {Xiang, Ning and Escolano, Jose and Navarro, Juan M and Jing, Yun},
  title     = {Investigation on the effect of aperture sizes and receiver positions in coupled rooms},
  journal   = {The Journal of the Acoustical Society of America},
  year      = {2013},
  volume    = {133},
  number    = {6},
  pages     = {3975--3985},
  publisher = {ASA},
}

@Article{billon2008prediction,
  author    = {Billon, Alexis and Picaut, Judica{\"e}l and Sakout, Anas},
  title     = {Prediction of the reverberation time in high absorbent room using a modified-diffusion model},
  journal   = {Applied Acoustics},
  year      = {2008},
  volume    = {69},
  number    = {1},
  pages     = {68--74},
  publisher = {Elsevier},
}

@Article{polack1992modifying,
  author    = {Polack, J-D},
  title     = {Modifying chambers to play billiards: the foundations of reverberation theory},
  journal   = {Acta Acustica united with Acustica},
  year      = {1992},
  volume    = {76},
  number    = {6},
  pages     = {256--272},
  publisher = {S. Hirzel Verlag},
}

@Article{jing2007modified,
  author    = {Jing, Yun and Xiang, Ning},
  title     = {A modified diffusion equation for room-acoustic predication},
  journal   = {The Journal of the Acoustical Society of America},
  year      = {2007},
  volume    = {121},
  number    = {6},
  pages     = {3284--3287},
  publisher = {ASA},
}

@Article{kang2001sound,
  author    = {Kang, Jian},
  title     = {Sound propagation in interconnected urban streets: a parametric study},
  journal   = {Environment and Planning B: Planning and design},
  year      = {2001},
  volume    = {28},
  number    = {2},
  pages     = {281--294},
  publisher = {SAGE Publications Sage UK: London, England},
}

@Article{visentin2015experimental,
  author    = {Visentin, Chiara and Prodi, Nicola and Valeau, Vincent and Picaut, Judica{\"e}l},
  title     = {Experimental analysis of the relationship between reverberant acoustic intensity and energy density inside long rooms},
  journal   = {The Journal of the Acoustical Society of America},
  year      = {2015},
  volume    = {138},
  number    = {1},
  pages     = {181--192},
  publisher = {ASA},
}

@Article{oldham1994sound,
  author    = {Oldham, DJ and Radwan, MM},
  title     = {Sound propagation in city streets},
  journal   = {Building Acoustics},
  year      = {1994},
  volume    = {1},
  number    = {1},
  pages     = {65--88},
  publisher = {SAGE Publications Sage UK: London, England},
}

@Article{davies1978multiple,
  author    = {Davies, Huw G},
  title     = {Multiple-reflection diffuse-scattering model for noise propagation in streets},
  journal   = {The Journal of the Acoustical Society of America},
  year      = {1978},
  volume    = {64},
  number    = {2},
  pages     = {517--521},
  publisher = {ASA},
}

@Article{kang2000sound,
  author    = {Kang, Jian},
  title     = {Sound propagation in street canyons: Comparison between diffusely and geometrically reflecting boundaries},
  journal   = {The Journal of the Acoustical Society of America},
  year      = {2000},
  volume    = {107},
  number    = {3},
  pages     = {1394--1404},
  publisher = {ASA},
}

@Article{kang1996unsuitability,
  author    = {Kang, Jian},
  title     = {The unsuitability of the classic room acoustical theory in long enclosures},
  journal   = {Architectural Science Review},
  year      = {1996},
  volume    = {39},
  number    = {2},
  pages     = {89--94},
  publisher = {Taylor \& Francis},
}

@Article{van2006parameter,
  author    = {Van Renterghem, Timothy and Salomons, Erik and Botteldooren, Dick},
  title     = {Parameter study of sound propagation between city canyons with a coupled FDTD-PE model},
  journal   = {Applied Acoustics},
  year      = {2006},
  volume    = {67},
  number    = {6},
  pages     = {487--510},
  publisher = {Elsevier},
}

@Article{kang1996reverberation,
  author    = {Kang, J},
  title     = {Reverberation in rectangular long enclosures with geometrically reflecting boundaries},
  journal   = {Acta Acustica united with Acustica},
  year      = {1996},
  volume    = {82},
  number    = {3},
  pages     = {509--516},
  publisher = {S. Hirzel Verlag},
}

@Article{kang1999reverberation,
  author    = {Kang, Jian},
  title     = {Reverberation in rectangular long enclosures with diffusely reflecting boundaries},
  journal   = {The Journal of the Acoustical Society of America},
  year      = {1999},
  volume    = {105},
  number    = {2},
  pages     = {1315--1316},
  publisher = {ASA},
}

@Article{schroeder1996schroeder,
  author    = {Schroeder, Manfred R},
  title     = {The ‘‘Schroeder frequency’’revisited},
  journal   = {The Journal of the Acoustical Society of America},
  year      = {1996},
  volume    = {99},
  number    = {5},
  pages     = {3240--3241},
  publisher = {ASA},
}

@Article{hodgson1988prediction,
  author    = {Hodgson, Murray},
  title     = {On the prediction of sound fields in large empty rooms},
  journal   = {The Journal of the Acoustical Society of America},
  year      = {1988},
  volume    = {84},
  number    = {1},
  pages     = {253--261},
  publisher = {ASA},
}

@Article{harris1950acoustics,
  author    = {Harris, Cyril M and Feshbach, Herman},
  title     = {On the acoustics of coupled rooms},
  journal   = {The Journal of the Acoustical Society of America},
  year      = {1950},
  volume    = {22},
  number    = {5},
  pages     = {572--578},
  publisher = {ASA},
}

@Article{raes1953measurements,
  author    = {Raes, Auguste C and Sacerdote, Gino G},
  title     = {Measurements of the acoustical properties of two Roman basilicas},
  journal   = {The Journal of the Acoustical Society of America},
  year      = {1953},
  volume    = {25},
  number    = {5},
  pages     = {954--961},
  publisher = {ASA},
}

@Article{schroeder1965response,
  author    = {Schroeder, Manfred R},
  title     = {Response to “Comments on ‘New Method of Measuring Reverberation Time’”[PW Smith, Jr., J. Acoust. Soc. Am. 38, 359 (L)(1965)]},
  journal   = {The Journal of the Acoustical Society of America},
  year      = {1965},
  volume    = {38},
  number    = {2},
  pages     = {359--361},
  publisher = {ASA},
}

@Article{schroeder1966complementarity,
  author    = {Schroeder, MR},
  title     = {Complementarity of sound buildup and decay},
  journal   = {The Journal of the Acoustical Society of America},
  year      = {1966},
  volume    = {40},
  number    = {3},
  pages     = {549--551},
  publisher = {ASA},
}

@Article{iso3382,
  author  = {ISO, EN},
  title   = {3382-2, 2008,“Acoustics—Measurement of Room Acoustic Parameters—Part 2: Reverberation Time in Ordinary Rooms,”},
  journal = {International Organization for Standardization, Brussels, Belgium},
}

@Article{harris1966absorption,
  author    = {Harris, Cyril M},
  title     = {Absorption of sound in air versus humidity and temperature},
  journal   = {The Journal of the Acoustical Society of America},
  year      = {1966},
  volume    = {40},
  number    = {1},
  pages     = {148--159},
  publisher = {ASA},
}

@Article{wenmaekers2008air,
  author    = {Wenmaekers, Remy H and Hak, Constant C and Martin, Heiko J and Van Luxemburg, Laurentius C},
  title     = {Air Absorption Error in Room Acoustical Modeling},
  journal   = {Journal of the Acoustical Society of America},
  year      = {2008},
  volume    = {123},
  number    = {5},
  pages     = {3355--3355},
  publisher = {[New York: Acoustical Society of America]},
}

@Article{evans1972atmospheric,
  author    = {Evans, LB and Bass, HE and Sutherland, LC},
  title     = {Atmospheric absorption of sound: theoretical predictions},
  journal   = {The Journal of the Acoustical Society of America},
  year      = {1972},
  volume    = {51},
  number    = {5B},
  pages     = {1565--1575},
  publisher = {ASA},
}

@Article{harris1963absorption,
  author    = {Harris, Cyril M},
  title     = {Absorption of Sound in Air in the Audio-Frequency Range},
  journal   = {The Journal of the Acoustical Society of America},
  year      = {1963},
  volume    = {35},
  number    = {1},
  pages     = {11--17},
  publisher = {ASA},
}

@Book{organizacion1993iso,
  title     = {ISO 9613-1: 1993, Acoustics: attenuation of sound during propagation outdors. Caldulation of the absorption of sound by the atmosphere},
  publisher = {International Organization for Standardization},
  year      = {1993},
  author    = {Organizaci{\'o}n Internacional de Normalizaci{\'o}n},
}

@Article{wenmaekers2014effective,
  author    = {Wenmaekers, RHC and Hak, CCJM and Hornikx, MCJ},
  title     = {The effective air absorption coefficient for predicting reverberation time in full octave bands},
  journal   = {The Journal of the Acoustical Society of America},
  year      = {2014},
  volume    = {136},
  number    = {6},
  pages     = {3063--3071},
  publisher = {ASA},
}

@Article{anderson1997acoustics,
  author    = {Anderson, JS and Bratos-Anderson, M and Doany, P},
  title     = {The acoustics of a large space with a repetitive pattern of coupled rooms},
  journal   = {Journal of sound and vibration},
  year      = {1997},
  volume    = {208},
  number    = {2},
  pages     = {313--329},
  publisher = {Elsevier},
}

@Article{ermann2005exposure,
  author    = {Ermann, Michael and Johnson, Marty},
  title     = {Exposure and materiality of the secondary room and its impact on the impulse response of coupled-volume concert halls},
  journal   = {Journal of sound and vibration},
  year      = {2005},
  volume    = {284},
  number    = {3-5},
  pages     = {915--931},
  publisher = {Elsevier},
}

@Article{xiang2005evaluation,
  author    = {Xiang, Ning and Goggans, Paul M and Jasa, Tomsilav and Kleiner, Mendel},
  title     = {Evaluation of decay times in coupled spaces: Reliability analysis of Bayeisan decay time estimation},
  journal   = {The Journal of the Acoustical Society of America},
  year      = {2005},
  volume    = {117},
  number    = {6},
  pages     = {3707--3715},
  publisher = {ASA},
}

@Article{xiang2001evaluation,
  author    = {Xiang, Ning and Goggans, Paul M},
  title     = {Evaluation of decay times in coupled spaces: Bayesian parameter estimation},
  journal   = {The Journal of the Acoustical Society of America},
  year      = {2001},
  volume    = {110},
  number    = {3},
  pages     = {1415--1424},
  publisher = {ASA},
}

@Article{summers2004statistical,
  author    = {Summers, Jason E and Torres, Rendell R and Shimizu, Yasushi},
  title     = {Statistical-acoustics models of energy decay in systems of coupled rooms and their relation to geometrical acoustics},
  journal   = {The Journal of the Acoustical Society of America},
  year      = {2004},
  volume    = {116},
  number    = {2},
  pages     = {958--969},
  publisher = {ASA},
}

@Article{xiang2011bayesian,
  author    = {Xiang, Ning and Goggans, Paul and Jasa, Tomislav and Robinson, Philip},
  title     = {Bayesian characterization of multiple-slope sound energy decays in coupled-volume systems},
  journal   = {The Journal of the Acoustical Society of America},
  year      = {2011},
  volume    = {129},
  number    = {2},
  pages     = {741--752},
  publisher = {ASA},
}

@Article{galindo1999clarity,
  author    = {Galindo, M and Zamarre{\~n}o, T and Giron, S},
  title     = {Clarity and definition in Mudejar-Gothic churches},
  journal   = {Building acoustics},
  year      = {1999},
  volume    = {6},
  number    = {1},
  pages     = {1--16},
  publisher = {SAGE Publications Sage UK: London, England},
}

@Article{cirillo2003improved,
  author    = {Cirillo, E and Martellotta, F},
  title     = {An improved model to predict energy-based acoustic parameters in Apulian-Romanesque churches},
  journal   = {Applied Acoustics},
  year      = {2003},
  volume    = {64},
  number    = {1},
  pages     = {1--23},
  publisher = {Elsevier},
}

@Article{zamarreno2008assessing,
  author    = {Zamarre{\~n}o, Te{\'o}filo and Gir{\'o}n, Sara and Galindo, Miguel},
  title     = {Assessing the intelligibility of speech and singing in Mudejar-Gothic churches},
  journal   = {Applied Acoustics},
  year      = {2008},
  volume    = {69},
  number    = {3},
  pages     = {242--254},
  publisher = {Elsevier},
}

@Article{gilbert1981iterative,
  author    = {Gilbert, EN},
  title     = {An iterative calculation of auditorium reverberation},
  journal   = {The Journal of the Acoustical Society of America},
  year      = {1981},
  volume    = {69},
  number    = {1},
  pages     = {178--184},
  publisher = {ASA},
}

@Article{barron1998early,
  author    = {Barron, Michael},
  title     = {Early decay times in the Christchurch and Wellington concert halls, New Zealand},
  journal   = {The Journal of the Acoustical Society of America},
  year      = {1998},
  volume    = {103},
  number    = {4},
  pages     = {2229--2231},
  publisher = {ASA},
}

@Article{schultz1964propagation,
  author    = {Schultz, Theodore J and Watters, BG},
  title     = {Propagation of sound across audience seating},
  journal   = {The Journal of the Acoustical Society of America},
  year      = {1964},
  volume    = {36},
  number    = {5},
  pages     = {885--896},
  publisher = {ASA},
}

@Article{kuster2004acoustic,
  author    = {Kuster, Martin and de Vries, Diemer and Hulsebos, EM and Gisolf, A},
  title     = {Acoustic imaging in enclosed spaces: Analysis of room geometry modifications on the impulse response},
  journal   = {The Journal of the Acoustical Society of America},
  year      = {2004},
  volume    = {116},
  number    = {4},
  pages     = {2126--2137},
  publisher = {ASA},
}

@Article{okano2002judgments,
  author    = {Okano, Toshiyuki},
  title     = {Judgments of noticeable differences in sound fields of concert halls caused by intensity variations in early reflections},
  journal   = {The Journal of the Acoustical Society of America},
  year      = {2002},
  volume    = {111},
  number    = {1},
  pages     = {217--229},
  publisher = {ASA},
}

@Book{kuttruff2016room,
  title     = {Room acoustics},
  publisher = {Crc Press},
  year      = {2016},
  author    = {Kuttruff, Heinrich},
}

@Article{zagar1983determining,
  author    = {Zagar, Lawrence E and Thompson, James K},
  title     = {Determining the necessary number of reflections for an accurate image source simulation of room acoustics},
  journal   = {The Journal of the Acoustical Society of America},
  year      = {1983},
  volume    = {74},
  number    = {S1},
  pages     = {S84--S84},
  publisher = {ASA},
}

@Article{bagot2007amendments,
  author    = {Bagot, Kathleen L and Kuo, Frances E and Allen, Felicity CL},
  title     = {Amendments to the perceived restorative components scale for children (PRCS-C II)},
  journal   = {Children Youth and Environments},
  year      = {2007},
  volume    = {17},
  number    = {4},
  pages     = {124--127},
  publisher = {JSTOR},
}

@Article{dance1999modeling,
  author    = {Dance, Stephen M and Shield, Bridget M},
  title     = {Modeling of sound fields in enclosed spaces with absorbent room surfaces},
  journal   = {The Journal of the Acoustical Society of America},
  year      = {1999},
  volume    = {105},
  number    = {2},
  pages     = {989--989},
  publisher = {ASA},
}

@Book{egan1988architectural,
  title     = {Architectural acoustics},
  publisher = {McGraw-Hill Custom Publishing},
  year      = {1988},
  author    = {Egan, M David},
}

@Article{hodgson1983measurements,
  author    = {Hodgson, Murray},
  title     = {Measurements of the influence of fittings and roof pitch on the sound field in panel-roof factories},
  journal   = {Applied Acoustics},
  year      = {1983},
  volume    = {16},
  number    = {5},
  pages     = {369--391},
  publisher = {Elsevier},
}

@Article{hodgson1994measures,
  author    = {Hodgson, Murray},
  title     = {On measures to increase sound-field diffuseness and the applicability of diffuse-field theory},
  journal   = {The Journal of the Acoustical Society of America},
  year      = {1994},
  volume    = {95},
  number    = {6},
  pages     = {3651--3653},
  publisher = {ASA},
}

@Article{hodgson1990evidence,
  author    = {Hodgson, Murray},
  title     = {Evidence of diffuse surface reflection in rooms},
  journal   = {The Journal of the Acoustical Society of America},
  year      = {1990},
  volume    = {88},
  number    = {S1},
  pages     = {S185--S185},
  publisher = {ASA},
}

@Article{hodgson2008comparisons,
  author    = {Hodgson, Murray and Wareing, Andrew},
  title     = {Comparisons of predicted steady-state levels in rooms with extended-and local-reaction bounding surfaces},
  journal   = {Journal of Sound and Vibration},
  year      = {2008},
  volume    = {309},
  number    = {1-2},
  pages     = {167--177},
  publisher = {Elsevier},
}

@Article{heerema1999empirical,
  author    = {Heerema, Nelson and Hodgson, Murray},
  title     = {Empirical models for predicting noise levels, reverberation times and fitting densities in industrial workrooms},
  journal   = {Applied Acoustics},
  year      = {1999},
  volume    = {57},
  number    = {1},
  pages     = {51--60},
  publisher = {Elsevier},
}

@Article{chen2009acoustic,
  author  = {CHEN, Huai-min and ZHANG, Ming-zhao},
  title   = {Acoustic Design on National Stadiun},
  journal = {Audio Engineering},
  year    = {2009},
  volume  = {10},
  pages   = {003},
}

@InProceedings{schroder2010virtual,
  author    = {Schr{\"o}der, Dirk and Wefers, Frank and Pelzer, S{\"o}nke and Rausch, Dominik and Vorl{\"a}nder, Michael and Kuhlen, Torsten},
  title     = {Virtual reality system at RWTH Aachen University},
  booktitle = {Proceedings of the international symposium on room acoustics (ISRA), Melbourne, Australia},
  year      = {2010},
}

@Article{wrightson1990acoustical,
  author    = {Wrightson, Jack and Johnson, Jim},
  title     = {Acoustical design of large multipurpose stadiums and arenas},
  journal   = {The Journal of the Acoustical Society of America},
  year      = {1990},
  volume    = {87},
  number    = {S1},
  pages     = {S8--S8},
  publisher = {ASA},
}

@Article{marsh2001acoustical,
  author    = {Marsh, David E},
  title     = {Acoustical design of baseball stadiums},
  journal   = {The Journal of the Acoustical Society of America},
  year      = {2001},
  volume    = {109},
  number    = {5},
  pages     = {2498--2498},
  publisher = {ASA},
}

@Article{mochimaru2006sound,
  author    = {Mochimaru, Akira and Hayashi, Soichiro},
  title     = {Sound system design for acoustically challenging spaces},
  journal   = {The Journal of the Acoustical Society of America},
  year      = {2006},
  volume    = {120},
  number    = {5},
  pages     = {3054--3054},
  publisher = {ASA},
}

@Article{jacob1990microcomputer,
  author    = {Jacob, Kenneth D and Birkle, Thomas K and Ickler, Chris B},
  title     = {Microcomputer-based implementation of the speech transmission index for large spaces},
  journal   = {The Journal of the Acoustical Society of America},
  year      = {1990},
  volume    = {87},
  number    = {S1},
  pages     = {S9--S9},
  publisher = {ASA},
}

@InProceedings{mendez2014spectral,
  author       = {M{\'e}ndez-S{\'a}nchez, RA and B{\'a}ez, G and Leyvraz, F and Seligman, TH},
  title        = {Spectral statistics of the acoustic stadium},
  booktitle    = {AIP Conference Proceedings},
  year         = {2014},
  volume       = {1579},
  number       = {1},
  pages        = {67--72},
  organization = {AIP},
}

@InProceedings{boeck2012acoustics,
  author    = {Boeck, Magdalena and Navvab, Mojtaba and Heilmann, Gunnar and Bisegna, Fabio},
  title     = {The acoustics of performance spaces (theatres and stadiums): a case study},
  booktitle = {Acoustics 2012},
  year      = {2012},
}

@Article{marsh2007stadium,
  author    = {Marsh, David},
  title     = {Stadium acoustics-design challenges and solutions},
  journal   = {The Journal of the Acoustical Society of America},
  year      = {2007},
  volume    = {122},
  number    = {5},
  pages     = {2939--2939},
  publisher = {ASA},
}

@InProceedings{navvab2009crowd,
  author    = {Navvab, Mojtaba and Heilmann, Gunnar and Sulisz, Dennis W},
  title     = {Crowd noise measurements and simulation in large stadium using beamforming},
  booktitle = {Eleventh International IBPSA Conference},
  year      = {2009},
}

@InProceedings{lautenbach2007acoustics,
  author    = {Lautenbach, Margriet and Heringa, Peter and Vercammen, Martijn},
  title     = {Acoustics for large scale indoor pop events},
  booktitle = {International Symposium on Room Acoustics Seville},
  year      = {2007},
}

@Article{connor1967noise,
  author    = {Connor, William K},
  title     = {On the Noise of Crowds},
  journal   = {The Journal of the Acoustical Society of America},
  year      = {1967},
  volume    = {41},
  number    = {6},
  pages     = {1590--1590},
  publisher = {ASA},
}

@Article{kang2002numerical,
  author    = {Kang, Jian},
  title     = {Numerical modelling of the speech intelligibility in dining spaces},
  journal   = {Applied Acoustics},
  year      = {2002},
  volume    = {63},
  number    = {12},
  pages     = {1315--1333},
  publisher = {Elsevier},
}

@Article{navarro2007speech,
  author    = {Navarro, Manuelina Porto Nunes and Pimentel, Roberto Leal},
  title     = {Speech interference in food courts of shopping centres},
  journal   = {Applied acoustics},
  year      = {2007},
  volume    = {68},
  number    = {3},
  pages     = {364--375},
  publisher = {Elsevier},
}

@TechReport{Ove2005HongKong,
  author = {Ove Arup \& Partners Hong Kong Ltd},
  title  = {Hong Kong Jockey Club Main Arena of the 2008 Olympic Equestrian Event Environmental Impact Assessment Report},
  year   = {2005},
}

@InProceedings{hayne2006prediction,
  author    = {Hayne, MJ and Rumble, RH and Mee, DJ},
  title     = {Prediction of crowd noise},
  booktitle = {Proceedings of ACOUSTICS},
  year      = {2006},
  pages     = {20--22},
}

@Article{rindel2010verbal,
  author    = {Rindel, Jens Holger},
  title     = {Verbal communication and noise in eating establishments},
  journal   = {Applied Acoustics},
  year      = {2010},
  volume    = {71},
  number    = {12},
  pages     = {1156--1161},
  publisher = {Elsevier},
}

@Article{rindel2017restaurant,
  author    = {Rindel, Jens Holger},
  title     = {Restaurant acoustics--the science behind verbal 2 communication in eating establishments 3},
  year      = {2017},
  publisher = {Preprints},
}

@Article{crandall1922analysis,
  author    = {Crandall, Irving B and MacKenzie, Donald},
  title     = {Analysis of the energy distribution in speech},
  journal   = {Bell Labs Technical Journal},
  year      = {1922},
  volume    = {1},
  number    = {1},
  pages     = {116--128},
  publisher = {Wiley Online Library},
}

@Article{dunn1940statistical,
  author    = {Dunn, HK and White, SD},
  title     = {Statistical measurements on conversational speech},
  journal   = {The Journal of the Acoustical Society of America},
  year      = {1940},
  volume    = {11},
  number    = {3},
  pages     = {278--288},
  publisher = {ASA},
}

@Article{french1947factors,
  author    = {French, Norman R and Steinberg, John C},
  title     = {Factors governing the intelligibility of speech sounds},
  journal   = {The journal of the Acoustical society of America},
  year      = {1947},
  volume    = {19},
  number    = {1},
  pages     = {90--119},
  publisher = {ASA},
}

@Article{benson1953some,
  author    = {Benson, RW and Hirsh, Ira J},
  title     = {Some variables in audio spectrometry},
  journal   = {The Journal of the Acoustical Society of America},
  year      = {1953},
  volume    = {25},
  number    = {3},
  pages     = {499--505},
  publisher = {ASA},
}

@Book{pearsons1977speech,
  title     = {Speech levels in various noise environments},
  publisher = {Office of Health and Ecological Effects, Office of Research and Development, US EPA},
  year      = {1977},
  author    = {Pearsons, Karl S and Bennett, Ricarda L and Fidell, Sanford},
}

@Article{olsen1998average,
  author    = {Olsen, Wayne O},
  title     = {Average speech levels and spectra in various speaking/listening conditions: A summary of the Pearson, Bennett, \& Fidell (1977) report},
  journal   = {American Journal of Audiology},
  year      = {1998},
  volume    = {7},
  number    = {2},
  pages     = {21--25},
  publisher = {ASHA},
}

@Article{christie2004psycho,
  author  = {Christie, Lauren H},
  title   = {Psycho-to-building acoustics: are bars, cafes, and restaurants acceptable acoustic environments?},
  journal = {Victoria University of Wellington},
  year    = {2004},
}

@Article{cushing2011vocal,
  author    = {Cushing, Ian R and Li, Francis F and Cox, Trevor J and Worrall, Ken and Jackson, Tim},
  title     = {Vocal effort levels in anechoic conditions},
  journal   = {Applied Acoustics},
  year      = {2011},
  volume    = {72},
  number    = {9},
  pages     = {695--701},
  publisher = {Elsevier},
}

@Article{flanagan1960analog,
  author    = {Flanagan, James L},
  title     = {Analog measurements of sound radiation from the mouth},
  journal   = {The Journal of the Acoustical Society of America},
  year      = {1960},
  volume    = {32},
  number    = {12},
  pages     = {1613--1620},
  publisher = {ASA},
}

@Article{newman2005cocktail,
  author    = {Newman, Rochelle S},
  title     = {The cocktail party effect in infants revisited: listening to one's name in noise.},
  journal   = {Developmental Psychology},
  year      = {2005},
  volume    = {41},
  number    = {2},
  pages     = {352},
  publisher = {American Psychological Association},
}

@Article{jones2011cocktail,
  author    = {Jones, Gary L and Litovsky, Ruth Y},
  title     = {A cocktail party model of spatial release from masking by both noise and speech interferers},
  journal   = {The Journal of the Acoustical Society of America},
  year      = {2011},
  volume    = {130},
  number    = {3},
  pages     = {1463--1474},
  publisher = {ASA},
}

@Article{bronkhorst2000cocktail,
  author    = {Bronkhorst, Adelbert W},
  title     = {The cocktail party phenomenon: A review of research on speech intelligibility in multiple-talker conditions},
  journal   = {Acta Acustica united with Acustica},
  year      = {2000},
  volume    = {86},
  number    = {1},
  pages     = {117--128},
  publisher = {S. Hirzel Verlag},
}

@Article{brumm2011evolution,
  author    = {Brumm, Henrik and Zollinger, Sue Anne},
  title     = {The evolution of the Lombard effect: 100 years of psychoacoustic research},
  journal   = {Behaviour},
  year      = {2011},
  volume    = {148},
  number    = {11-13},
  pages     = {1173--1198},
  publisher = {Brill},
}

@Article{pick1989inhibiting,
  author    = {Pick Jr, Herbert L and Siegel, Gerald M and Fox, Paul W and Garber, Sharon R and Kearney, Joseph K},
  title     = {Inhibiting the Lombard effect},
  journal   = {The Journal of the Acoustical Society of America},
  year      = {1989},
  volume    = {85},
  number    = {2},
  pages     = {894--900},
  publisher = {ASA},
}

@Article{love2010experimental,
  author    = {Love, Elliot K and Bee, Mark A},
  title     = {An experimental test of noise-dependent voice amplitude regulation in Cope’s grey treefrog, Hyla chrysoscelis},
  journal   = {Animal Behaviour},
  year      = {2010},
  volume    = {80},
  number    = {3},
  pages     = {509--515},
  publisher = {Elsevier},
}

@Article{hage2006audio,
  author    = {Hage, Steffen R and J{\"u}rgens, Uwe and Ehret, G{\"u}nter},
  title     = {Audio--vocal interaction in the pontine brainstem during self-initiated vocalization in the squirrel monkey},
  journal   = {European Journal of Neuroscience},
  year      = {2006},
  volume    = {23},
  number    = {12},
  pages     = {3297--3308},
  publisher = {Wiley Online Library},
}

@Article{webster1962effects,
  author    = {Webster, John C and Klumpp, Roy G},
  title     = {Effects of Ambient Noise and Nearby Talkers on a Face-to-Face Communication Task},
  journal   = {The Journal of the Acoustical Society of America},
  year      = {1962},
  volume    = {34},
  number    = {7},
  pages     = {936--941},
  publisher = {ASA},
}

@Article{nijs2008effect,
  author    = {Nijs, Lau and Saher, Konca and den Ouden, Dani{\"e}l},
  title     = {Effect of room absorption on human vocal output in multitalker situations},
  journal   = {The Journal of the Acoustical Society of America},
  year      = {2008},
  volume    = {123},
  number    = {2},
  pages     = {803--813},
  publisher = {ASA},
}

@Article{PLC2006DXTYG,
  author    = {潘立超 and 陆文秋},
  title     = {大型体育馆建筑声学设计标准探讨},
  journal   = {電聲技術},
  year      = {2006},
  volume    = {2006},
  number    = {5},
  pages     = {11--14},
  language  = {zh},
  publisher = {北京電視電聲雜誌社},
}

@Article{WSJ2010DXFYCX,
  author   = {王树京 and 蒋浩},
  title    = {大型非演出性公共建筑室内声环境设计的研究},
  journal  = {中国建筑装饰装修},
  year     = {2010},
  number   = {2},
  pages    = {183--185},
  language = {zh},
}

@Article{LY2011DXTT,
  author   = {乐意 and 赵其昌 and 沈勇 and 孙广荣 and 杨小军},
  title    = {大型厅堂的建筑声学设计方法研究},
  journal  = {南京大学学报 (自然科学版)},
  year     = {2011},
  volume   = {2},
  pages    = {018},
  language = {zh},
}

@PhdThesis{HGX2012DXZT,
  author   = {胡国祥},
  title    = {大型展厅声场特点及语言清晰度研究},
  school   = {华南理工大学},
  year     = {2012},
  type     = {硕士学位论文},
  address  = {"广州"},
  language = {zh},
}

@Article{YX2012TYGSX,
  author   = {燕翔},
  title    = {体育馆声学装修设计},
  journal  = {电声技术},
  year     = {2012},
  volume   = {36},
  number   = {5},
  pages    = {3--10},
  language = {zh},
}

@Article{SGR2012TYCG,
  author   = {孙广荣},
  title    = {体育场馆扩声系统设计要点},
  journal  = {电声技术},
  year     = {2012},
  volume   = {36},
  number   = {5},
  pages    = {1--2},
  language = {zh},
}

@Article{navarro2010theoretical,
  author    = {Navarro, Juan M and Jacobsen, Finn and Escolano, Jos{\'e} and L{\'o}pez, Jos{\'e} J},
  title     = {A theoretical approach to room acoustic simulations based on a radiative transfer model},
  journal   = {Acta Acustica United with Acustica},
  year      = {2010},
  volume    = {96},
  number    = {6},
  pages     = {1078--1089},
  publisher = {S. Hirzel Verlag},
}

@Article{han2009prediction,
  author    = {Han, Ning and Mak, Cheuk Ming},
  title     = {Prediction of the absorption exponent in rectangular enclosures with a single absorbent boundary},
  journal   = {Applied acoustics},
  year      = {2009},
  volume    = {70},
  number    = {2},
  pages     = {297--299},
  publisher = {Elsevier},
}

@Article{sakuma2012approximate,
  author    = {Sakuma, Tetsuya},
  title     = {Approximate theory of reverberation in rectangular rooms with specular and diffuse reflections},
  journal   = {The Journal of the Acoustical Society of America},
  year      = {2012},
  volume    = {132},
  number    = {4},
  pages     = {2325--2336},
  publisher = {ASA},
}

@InProceedings{sakuma2013energy,
  author       = {Sakuma, Tetsuya and Eda, Kazushi},
  title        = {Energy decay analysis of non-diffuse sound fields in rectangular rooms},
  booktitle    = {Proceedings of Meetings on Acoustics ICA2013},
  year         = {2013},
  volume       = {19},
  number       = {1},
  pages        = {015138},
  organization = {ASA},
}

@Article{neubauer2001estimation,
  author    = {Neubauer, Reinhard O},
  title     = {Estimation of reverberation time in rectangular rooms with non-uniformly distributed absorption using a modified Fitzroy equation},
  journal   = {Building Acoustics},
  year      = {2001},
  volume    = {8},
  number    = {2},
  pages     = {115--137},
  publisher = {SAGE Publications Sage UK: London, England},
}

@Article{fitzroy1959reverberation,
  author    = {Fitzroy, Dariel},
  title     = {Reverberation formula which seems to be more accurate with nonuniform distribution of absorption},
  journal   = {The Journal of the Acoustical Society of America},
  year      = {1959},
  volume    = {31},
  number    = {7},
  pages     = {893--897},
  publisher = {ASA},
}

@Article{arau1988improved,
  author    = {Arau-Puchades, Higini},
  title     = {An improved reverberation formula},
  journal   = {Acta Acustica united with Acustica},
  year      = {1988},
  volume    = {65},
  number    = {4},
  pages     = {163--180},
  publisher = {S. Hirzel Verlag},
}

@Article{hirata1979geometrical,
  author    = {Hirata, Y},
  title     = {Geometrical acoustics for rectangular rooms},
  journal   = {Acta Acustica united with Acustica},
  year      = {1979},
  volume    = {43},
  number    = {4},
  pages     = {247--252},
  publisher = {S. Hirzel Verlag},
}

@Article{tohyama1981approximate,
  author    = {Tohyama, Mikio and Yoshikawa, Shokichiro},
  title     = {Approximate formula of the averaged sound energy decay curve in a rectangular reverberant room},
  journal   = {The Journal of the Acoustical Society of America},
  year      = {1981},
  volume    = {70},
  number    = {6},
  pages     = {1674--1678},
  publisher = {ASA},
}

@Article{Zagar1983,
  author    = {Zagar, Lawrence E and Thompson, James K},
  title     = {Determining the necessary number of reflections for an accurate image source simulation of room acoustics},
  journal   = {The Journal of the Acoustical Society of America},
  year      = {1983},
  volume    = {74},
  number    = {S1},
  pages     = {S84--S84},
  publisher = {ASA},
}

@Article{Galaitsis1976,
  author    = {Galaitsis, Anthony G and Patterson, William N},
  title     = {Prediction of noise distribution in various enclosures from free-field measurements},
  journal   = {The Journal of the Acoustical Society of America},
  year      = {1976},
  volume    = {60},
  number    = {4},
  pages     = {848--856},
  publisher = {ASA},
}

@Article{Dance1997,
  author    = {Dance, SM and Shield, BM},
  title     = {The complete image-source method for the prediction of sound distribution in non-diffuse enclosed spaces},
  journal   = {Journal of Sound and Vibration},
  year      = {1997},
  volume    = {201},
  number    = {4},
  pages     = {473--489},
  publisher = {Elsevier},
}

@Article{ondet1989modeling,
  author    = {Ondet, AM and Barbry, JL},
  title     = {Modeling of sound propagation in fitted workshops using ray tracing},
  journal   = {The Journal of the Acoustical Society of America},
  year      = {1989},
  volume    = {85},
  number    = {2},
  pages     = {787--796},
  publisher = {ASA},
}

@Article{dalenback1994macroscopic,
  author    = {Dalenb{\"a}ck, Bengt-Inge and Kleiner, Mendel and Svensson, Peter},
  title     = {A macroscopic view of diffuse reflection},
  journal   = {Journal of the Audio Engineering Society},
  year      = {1994},
  volume    = {42},
  number    = {10},
  pages     = {793--807},
  publisher = {Audio Engineering Society},
}

@Article{bork2000comparison,
  author    = {Bork, Ingolf},
  title     = {A comparison of room simulation software-the 2nd round robin on room acoustical computer simulation},
  journal   = {Acta Acustica united with Acustica},
  year      = {2000},
  volume    = {86},
  number    = {6},
  pages     = {943--956},
  publisher = {S. Hirzel Verlag},
}

@Article{marbjerg2015development,
  author    = {Marbjerg, Gerd and Brunskog, Jonas and Jeong, Cheol-Ho and Nilsson, Erling},
  title     = {Development and validation of a combined phased acoustical radiosity and image source model for predicting sound fields in rooms},
  journal   = {The Journal of the Acoustical Society of America},
  year      = {2015},
  volume    = {138},
  number    = {3},
  pages     = {1457--1468},
  publisher = {ASA},
}

@InProceedings{marbjerg2016scattering,
  author       = {Marbjerg, Gerd and Jeong, Cheol-Ho and Nilsson, Erling},
  title        = {Scattering from objects and surfaces in room acoustical simulations},
  booktitle    = {INTER-NOISE and NOISE-CON Congress and Conference Proceedings},
  year         = {2016},
  volume       = {253},
  number       = {2},
  pages        = {6228--6239},
  organization = {Institute of Noise Control Engineering},
}

@Article{Hodgson1990,
  author    = {Hodgson, Murray},
  title     = {Evidence of diffuse surface reflection in rooms},
  journal   = {The Journal of the Acoustical Society of America},
  year      = {1990},
  volume    = {88},
  number    = {S1},
  pages     = {S185--S185},
  publisher = {ASA},
}

@InProceedings{vorlander1995international,
  author    = {Vorl{\"a}nder, Michael},
  title     = {International round robin on room acoustical computer simulations},
  booktitle = {Proceedings of the 15th International Congress of Acoustics},
  year      = {1995},
}

@Article{kuttruff1981sound,
  author    = {Kuttruff, K Heinrich},
  title     = {Sound decay in reverberation chambers with diffusing elements},
  journal   = {The Journal of the Acoustical Society of America},
  year      = {1981},
  volume    = {69},
  number    = {6},
  pages     = {1716--1723},
  publisher = {ASA},
}

@InProceedings{picaut2012spps,
  author    = {Picaut, Judica{\"e}l and Fortin, Nicolas},
  title     = {SPPS, a particle-tracing numerical code for indoor and outdoor sound propagation prediction},
  booktitle = {Acoustics 2012},
  year      = {2012},
}

@Article{onaga2007acoustic,
  author    = {Onaga, Hiroshi and Rindel, Jens Holger},
  title     = {Acoustic characteristics of urban streets in relation to scattering caused by building facades},
  journal   = {Applied Acoustics},
  year      = {2007},
  volume    = {68},
  number    = {3},
  pages     = {310--325},
  publisher = {Elsevier},
}

@Article{Miles1984,
  author    = {Miles, RN},
  title     = {Sound field in a rectangular enclosure with diffusely reflecting boundaries},
  journal   = {Journal of Sound and Vibration},
  year      = {1984},
  volume    = {92},
  number    = {2},
  pages     = {203--226},
  publisher = {Elsevier},
}

@Article{Joyce1978,
  author    = {Joyce, WB},
  title     = {Exact effect of surface roughness on the reverberation time of a uniformly absorbing spherical enclosure},
  journal   = {The Journal of the Acoustical Society of America},
  year      = {1978},
  volume    = {64},
  number    = {5},
  pages     = {1429--1436},
  publisher = {ASA},
}

@Article{haapakangas2017distraction,
  author    = {Haapakangas, Annu and Hongisto, Valtteri and Eerola, Mervi and Kuusisto, Tuomas},
  title     = {Distraction distance and perceived disturbance by noise—An analysis of 21 open-plan offices},
  journal   = {The Journal of the Acoustical Society of America},
  year      = {2017},
  volume    = {141},
  number    = {1},
  pages     = {127--136},
  publisher = {ASA},
}

@InProceedings{Fujikawa2013,
  author       = {Fujikawa, Takahiro and Aoki, Shigeaki},
  title        = {An escape guiding system utilizing the precedence effect for evacuation signal},
  booktitle    = {Proceedings of Meetings on Acoustics ICA2013},
  year         = {2013},
  volume       = {19},
  number       = {1},
  pages        = {030055},
  organization = {ASA},
}

@Article{hodgson2007measurement,
  author    = {Hodgson, Murray and Steininger, Gavin and Razavi, Zohreh},
  title     = {Measurement and prediction of speech and noise levels and the Lombard effect in eating establishments},
  journal   = {The Journal of the Acoustical Society of America},
  year      = {2007},
  volume    = {121},
  number    = {4},
  pages     = {2023--2033},
  publisher = {ASA},
}

@Article{hodgson1994ubc,
  author  = {Hodgson, Murray},
  title   = {UBC-classroom acoustical survey},
  journal = {Canadian Acoustics},
  year    = {1994},
  volume  = {22},
  number  = {4},
  pages   = {3},
}

@Article{SYM2006JSSN,
  author   = {宋拥民 and 盛胜我},
  title    = {教室室内声学研究进展},
  journal  = {声学技术},
  year     = {2006},
  volume   = {25},
  number   = {1},
  pages    = {56--61},
  language = {zh},
}

@Article{bradley2005effects,
  author    = {Bradley, David T and Wang, Lily M},
  title     = {The effects of simple coupled volume geometry on the objective and subjective results from nonexponential decay},
  journal   = {The Journal of the Acoustical Society of America},
  year      = {2005},
  volume    = {118},
  number    = {3},
  pages     = {1480--1490},
  publisher = {ASA},
}

@Article{LPJ2014TDX,
  author   = {刘培杰 and 赵越喆 and 吴硕贤},
  title    = {特大型高铁车站候车厅建筑声环境分析},
  journal  = {华南理工大学学报: 自然科学版},
  year     = {2014},
  volume   = {42},
  number   = {10},
  pages    = {138--144},
  language = {zh},
}

@Comment{jabref-meta: databaseType:bibtex;}
